<record><leader>00000cas a22000007a 4500</leader><controlfield tag="001">16652950</controlfield><controlfield tag="008">870908c19879999pauwn ne      0   a0eng d</controlfield><datafield ind1=" " ind2=" " tag="010"><subfield code="a">sn 87002520 </subfield></datafield><datafield ind1=" " ind2=" " tag="040"><subfield code="a">NSD</subfield><subfield code="b">eng</subfield><subfield code="c">NSD</subfield><subfield code="d">NPH</subfield><subfield code="d">OCL</subfield><subfield code="d">NSD</subfield><subfield code="d">OCLCQ</subfield></datafield><datafield ind1=" " ind2=" " tag="012"><subfield code="j">0</subfield><subfield code="m">y</subfield></datafield><datafield ind1="1" ind2=" " tag="022"><subfield code="a">0895-4224</subfield><subfield code="l">0895-4224</subfield><subfield code="y">0745-7537</subfield><subfield code="2">1</subfield></datafield><datafield ind1=" " ind2=" " tag="032"><subfield code="a">695170</subfield><subfield code="b">USPS</subfield></datafield><datafield ind1=" " ind2=" " tag="037"><subfield code="b">The Times, 719 Main St., Bentleyville, PA 15314</subfield></datafield><datafield ind1=" " ind2=" " tag="042"><subfield code="a">nsdp</subfield></datafield><datafield ind1="0" ind2=" " tag="130"><subfield code="a">Times (Bentleyville, Pa.)</subfield></datafield><datafield ind1=" " ind2="4" tag="222"><subfield code="a">The Times</subfield><subfield code="b">(Bentleyville, Pa.)</subfield></datafield><datafield ind1="1" ind2="4" tag="245"><subfield code="a">The times.</subfield></datafield><datafield ind1="1" ind2="3" tag="246"><subfield code="a">Bentworth times</subfield></datafield><datafield ind1=" " ind2=" " tag="260"><subfield code="a">Bentleyville, Pa. :</subfield><subfield code="b">Teagarden Pub. Co.,</subfield><subfield code="c">1987-</subfield></datafield><datafield ind1=" " ind2=" " tag="300"><subfield code="a">v. :</subfield><subfield code="b">ill. ;</subfield><subfield code="c">43 cm.</subfield></datafield><datafield ind1=" " ind2=" " tag="310"><subfield code="a">Weekly (except holidays)</subfield></datafield><datafield ind1="0" ind2=" " tag="362"><subfield code="a">Vol. 6, no. 21 (May 19, 1987)-</subfield></datafield><datafield ind1=" " ind2=" " tag="752"><subfield code="a">United States</subfield><subfield code="b">Pennsylvania</subfield><subfield code="c">Washington</subfield><subfield code="d">Bentleyville.</subfield></datafield><datafield ind1="0" ind2="0" tag="780"><subfield code="t">Bentworth times</subfield><subfield code="x">0745-7537</subfield><subfield code="w">(DLC)sn 83007481</subfield></datafield></record>